@Manual{R-base,
  title = {R: A Language and Environment for Statistical Computing},
  author = {{R Core Team}},
  organization = {R Foundation for Statistical Computing},
  address = {Vienna, Austria},
  year = {2018},
  url = {https://www.R-project.org/},
}
@Book{R-car,
  title = {An {R} Companion to Applied Regression},
  edition = {Third},
  author = {John Fox and Sanford Weisberg},
  year = {2019},
  publisher = {Sage},
  address = {Thousand Oaks {CA}},
  url = {https://socialsciences.mcmaster.ca/jfox/Books/Companion/},
}
@Manual{R-carData,
  title = {carData: Companion to Applied Regression Data Sets},
  author = {John Fox and Sanford Weisberg and Brad Price},
  year = {2018},
  note = {R package version 3.0-2},
  url = {https://CRAN.R-project.org/package=carData},
}
@Manual{R-dplyr,
  title = {dplyr: A Grammar of Data Manipulation},
  author = {Hadley Wickham and Romain Fran<U+00E7>ois and Lionel Henry and Kirill Müller},
  year = {2019},
  note = {R package version 0.8.3},
  url = {https://CRAN.R-project.org/package=dplyr},
}
@Manual{R-emmeans,
  title = {emmeans: Estimated Marginal Means, aka Least-Squares Means},
  author = {Russell Lenth},
  year = {2019},
  note = {R package version 1.4},
  url = {https://CRAN.R-project.org/package=emmeans},
}
@Manual{R-fancycut,
  title = {fancycut: A Fancy Version of 'base::cut'},
  author = {Adam Rich},
  year = {2018},
  note = {R package version 0.1.2},
  url = {https://CRAN.R-project.org/package=fancycut},
}
@Book{R-ggplot2,
  author = {Hadley Wickham},
  title = {ggplot2: Elegant Graphics for Data Analysis},
  publisher = {Springer-Verlag New York},
  year = {2016},
  isbn = {978-3-319-24277-4},
  url = {https://ggplot2.tidyverse.org},
}
@Manual{R-ggpubr,
  title = {ggpubr: 'ggplot2' Based Publication Ready Plots},
  author = {Alboukadel Kassambara},
  year = {2019},
  note = {R package version 0.2.3},
  url = {https://CRAN.R-project.org/package=ggpubr},
}
@Manual{R-haven,
  title = {haven: Import and Export 'SPSS', 'Stata' and 'SAS' Files},
  author = {Hadley Wickham and Evan Miller},
  year = {2019},
  note = {R package version 2.1.1},
  url = {https://CRAN.R-project.org/package=haven},
}
@Article{R-lsmeans,
  title = {Least-Squares Means: The {R} Package {lsmeans}},
  author = {Russell V. Lenth},
  journal = {Journal of Statistical Software},
  year = {2016},
  volume = {69},
  number = {1},
  pages = {1--33},
  doi = {10.18637/jss.v069.i01},
}
@Manual{R-lsr,
  title = {Learning statistics with R: A tutorial for psychology students and other beginners. (Version 0.5)},
  author = {Daniel Navarro},
  organization = {University of Adelaide},
  address = {Adelaide, Australia},
  year = {2015},
  note = {R package version 0.5},
  url = {http://ua.edu.au/ccs/teaching/lsr},
}
@Manual{R-magrittr,
  title = {magrittr: A Forward-Pipe Operator for R},
  author = {Stefan Milton Bache and Hadley Wickham},
  year = {2014},
  note = {R package version 1.5},
  url = {https://CRAN.R-project.org/package=magrittr},
}
@Book{R-MASS,
  title = {Modern Applied Statistics with S},
  author = {W. N. Venables and B. D. Ripley},
  publisher = {Springer},
  edition = {Fourth},
  address = {New York},
  year = {2002},
  note = {ISBN 0-387-95457-0},
  url = {http://www.stats.ox.ac.uk/pub/MASS4},
}
@Manual{R-multcompView,
  title = {multcompView: Visualizations of Paired Comparisons},
  author = {Spencer Graves and Hans-Peter Piepho and Luciano Selzer with help from Sundar Dorai-Raj},
  year = {2015},
  note = {R package version 0.1-7},
  url = {https://CRAN.R-project.org/package=multcompView},
}
@Manual{R-numform,
  title = {{numform}: A publication style number and plot formatter},
  author = {Tyler W. Rinker},
  note = {version 0.5.0},
  year = {2018},
  url = {http://github.com/trinker/numform},
}
@Manual{R-papaja,
  author = {Frederik Aust and Marius Barth},
  title = {{papaja}: {Create} {APA} manuscripts with {R Markdown}},
  year = {2018},
  note = {R package version 0.1.0.9842},
  url = {https://github.com/crsh/papaja},
}
@Manual{R-psych,
  title = {psych: Procedures for Psychological, Psychometric, and Personality Research},
  author = {William Revelle},
  organization = { Northwestern University},
  address = { Evanston, Illinois},
  year = {2018},
  note = {R package version 1.8.12},
  url = {https://CRAN.R-project.org/package=psych},
}
@Manual{R-purrr,
  title = {purrr: Functional Programming Tools},
  author = {Lionel Henry and Hadley Wickham},
  year = {2019},
  note = {R package version 0.3.3},
  url = {https://CRAN.R-project.org/package=purrr},
}
@Manual{R-pwr,
  title = {pwr: Basic Functions for Power Analysis},
  author = {Stephane Champely},
  year = {2018},
  note = {R package version 1.2-2},
  url = {https://CRAN.R-project.org/package=pwr},
}
@Article{R-reshape2,
  title = {Reshaping Data with the {reshape} Package},
  author = {Hadley Wickham},
  journal = {Journal of Statistical Software},
  year = {2007},
  volume = {21},
  number = {12},
  pages = {1--20},
  url = {http://www.jstatsoft.org/v21/i12/},
}
@Manual{R-sjstats,
  title = {sjstats: Statistical Functions for Regression Models (Version 0.17.5)},
  author = {Daniel Lüdecke},
  year = {2019},
  url = {https://CRAN.R-project.org/package=sjstats},
  doi = {10.5281/zenodo.1284472},
}
